<record><leader>00000cas a22000007a 4500</leader><controlfield tag="001">16961236</controlfield><controlfield tag="008">871110d18941902ohuwr ne      0    0eng d</controlfield><datafield ind1=" " ind2=" " tag="010"><subfield code="a">sn 87075209 </subfield></datafield><datafield ind1=" " ind2=" " tag="040"><subfield code="a">ONP</subfield><subfield code="b">eng</subfield><subfield code="c">ONP</subfield><subfield code="d">OCLCQ</subfield></datafield><datafield ind1=" " ind2=" " tag="042"><subfield code="a">msc</subfield></datafield><datafield ind1="0" ind2="4" tag="245"><subfield code="a">The Athens messenger and herald.</subfield></datafield><datafield ind1=" " ind2=" " tag="260"><subfield code="a">Athens, Ohio :</subfield><subfield code="b">Messenger and Herald Print. Co.,</subfield><subfield code="c">1894-1902.</subfield></datafield><datafield ind1=" " ind2=" " tag="300"><subfield code="a">v.</subfield></datafield><datafield ind1=" " ind2=" " tag="310"><subfield code="a">Weekly</subfield></datafield><datafield ind1="0" ind2=" " tag="362"><subfield code="a">Jan. 4, 1894-Aug. 7, 1902.</subfield></datafield><datafield ind1=" " ind2="4" tag="651"><subfield code="a">Athens (Ohio)</subfield><subfield code="v">Newspapers.</subfield></datafield><datafield ind1=" " ind2=" " tag="752"><subfield code="a">United States</subfield><subfield code="b">Ohio</subfield><subfield code="c">Athens</subfield><subfield code="d">Athens.</subfield></datafield><datafield ind1="0" ind2="4" tag="780"><subfield code="t">Athens messenger (Athens, Ohio : 1861)</subfield><subfield code="w">(DLC)sn 85025636</subfield></datafield><datafield ind1="0" ind2="4" tag="780"><subfield code="t">Athens herald (Athens, Ohio)</subfield><subfield code="w">(DLC)sn 87075199</subfield></datafield><datafield ind1="0" ind2="0" tag="785"><subfield code="t">Athens messenger (Athens, Ohio : 1902)</subfield><subfield code="w">(DLC)sn 87075210</subfield></datafield><datafield ind1="1" ind2=" " tag="029"><subfield code="a">AU@</subfield><subfield code="b">000025800330</subfield></datafield></record>